@inproceedings{2019DT,
  title={DT-CNN: Dilated and Transposed Convolution Neural Network Accelerator for Real-Time Image Segmentation on Mobile Devices},
  author={ Im, Dongseok  and  Han, Donghyeon  and  Choi, Sungpill  and  Kang, Sanghoon  and  Yoo, Hoi Jun },
  booktitle={2019 IEEE International Symposium on Circuits and Systems (ISCAS)},
  year={2019},
}

@inproceedings{inproceedings2,
author = {Di, Xinkai and Yang, Haigang and Huang, Zhihong and Mao, Ning and Jia, Yiping and Zheng, Yong},
year = {2019},
month = {12},
pages = {19-27},
title = {Exploring Resource-Efficient Acceleration Algorithm for Transposed Convolution of GANs on FPGA},
doi = {10.1109/ICFPT47387.2019.00011}
}

@article{article3,
author = {Liu, Shuanglong and Fan, Hongxiang and Niu, Xinyu and Ng, Ho-cheung and Chu, Yang and LUK, Wayne},
year = {2018},
month = {12},
pages = {1-22},
title = {Optimizing CNN-based Segmentation with Deeply Customized Convolutional and Deconvolutional Architectures on FPGA},
volume = {11},
journal = {ACM Transactions on Reconfigurable Technology and Systems},
doi = {10.1145/3242900}
}

@article{article4,
author = {Zhang, Xinyu and Das, Srinjoy and Neopane, Ojash and Kreutz-Delgado, Ken},
year = {2017},
month = {05},
pages = {},
title = {A Design Methodology for Efficient Implementation of Deconvolutional Neural Networks on an FPGA}
}

@inproceedings{inproceedings5,
author = {Ronneberger, Olaf and Fischer, Philipp and Brox, Thomas},
year = {2015},
month = {10},
pages = {234-241},
title = {U-Net: Convolutional Networks for Biomedical Image Segmentation},
volume = {9351},
isbn = {978-3-319-24573-7},
journal = {LNCS},
doi = {10.1007/978-3-319-24574-4_28}
}

@article{article6,
author = {Shelhamer, Evan and Long, Jonathon and Darrell, Trevor},
year = {2016},
month = {05},
pages = {1-1},
title = {Fully Convolutional Networks for Semantic Segmentation},
volume = {39},
journal = {IEEE Transactions on Pattern Analysis and Machine Intelligence},
doi = {10.1109/TPAMI.2016.2572683}
}

@article{article7,
author = {Badrinarayanan, Vijay and Kendall, Alex and Cipolla, Roberto},
year = {2015},
month = {11},
pages = {},
title = {SegNet: A Deep Convolutional Encoder-Decoder Architecture for Image Segmentation},
volume = {PP},
journal = {IEEE Transactions on Pattern Analysis and Machine Intelligence},
doi = {10.1109/TPAMI.2016.2644615}
}

@inproceedings{inproceedings8,
author = {Lu, Liqiang and Liang, Yun and Xiao, Qingcheng and Yan, Shengen},
year = {2017},
month = {04},
pages = {101-108},
title = {Evaluating Fast Algorithms for Convolutional Neural Networks on FPGAs},
doi = {10.1109/FCCM.2017.64}
}

@inproceedings{inproceedings9,
author = {Han, Song and Wang, Yu and Yang, Huazhong and Dally, William and Kang, Junlong and Mao, Huizi and Hu, Yiming and Li, Xin and Li, Yubin and Xie, Dongliang and Luo, Hong and Yao, Song},
year = {2017},
month = {02},
pages = {75-84},
title = {ESE: Efficient Speech Recognition Engine with Sparse LSTM on FPGA},
doi = {10.1145/3020078.3021745}
}

@article{article10,
author = {Daoud, Hisham and Bayoumi, Magdy},
year = {2019},
month = {12},
pages = {1-1},
title = {Deep Learning Approach for Epileptic Focus Localization},
volume = {PP},
journal = {IEEE Transactions on Biomedical Circuits and Systems},
doi = {10.1109/TBCAS.2019.2957087}
}

@inproceedings{inproceedings11,
author = {Zhang, Chen and Li, Peng and Sun, Guangyu and Guan, Yijin and Xiao, Bingjun and Cong, Jason},
year = {2015},
month = {02},
pages = {161-170},
title = {Optimizing FPGA-based Accelerator Design for Deep Convolutional Neural Networks},
doi = {10.1145/2684746.2689060}
}

@inproceedings{inproceedings12,
author = {Chen, Tianshi and Du, Zidong and Sun, Ninghui and Wang, Jia and Wu, Chengyong and Chen, Yunji and Temam, Olivier},
year = {2014},
month = {02},
pages = {269-284},
title = {DianNao: A Small-Footprint High-Throughput Accelerator for Ubiquitous Machine-Learning},
volume = {49},
journal = {International Conference on Architectural Support for Programming Languages and Operating Systems - ASPLOS},
doi = {10.1145/2541940.2541967}
}

@article{article13,
author = {Dumoulin, Vincent and Visin, Francesco},
year = {2016},
month = {03},
pages = {},
title = {A guide to convolution arithmetic for deep learning}
}

@article{article14,
author = {Yan, Jiale and Yin, Shouyi and Tu, Fengbin and Liu, Leibo and Wei, Shaojun},
year = {2018},
month = {07},
pages = {1-1},
title = {GNA: Reconfigurable and Efficient Architecture for Generative Network Acceleration},
volume = {PP},
journal = {IEEE Transactions on Computer-Aided Design of Integrated Circuits and Systems},
doi = {10.1109/TCAD.2018.2857258}
}

@inproceedings{inproceedings15,
author = {Yazdanbakhsh, Amir and Samadi, Kambiz and Kim, Nam and Esmaeilzadeh, Hadi},
year = {2018},
month = {06},
pages = {650-661},
title = {GANAX: A Unified MIMD-SIMD Acceleration for Generative Adversarial Networks},
doi = {10.1109/ISCA.2018.00060}
}

@article{article16,
author = {Mostafa, Hesham and Pedroni, Bruno and Sheik, Sadique and Cauwenberghs, Gert},
year = {2017},
month = {06},
pages = {},
title = {Hardware-Efficient On-line Learning through Pipelined Truncated-Error Backpropagation in Binary-State Networks},
volume = {11},
journal = {Frontiers in Neuroscience},
doi = {10.3389/fnins.2017.00496}
}

@inproceedings{inproceedings17,
author = {Li, Yuanfang and Pedram, Ardavan},
year = {2017},
month = {07},
pages = {1-10},
title = {CATERPILLAR: Coarse Grain Reconfigurable Architecture for accelerating the training of Deep Neural Networks},
doi = {10.1109/ASAP.2017.7995252}
}

@article{article18,
author = {Chang, Jung-Woo and Kang, Keon-Woo and Kang, Suk-Ju},
year = {2018},
month = {12},
pages = {1-1},
title = {An Energy-Efficient FPGA-Based Deconvolutional Neural Networks Accelerator for Single Image Super-Resolution},
volume = {PP},
journal = {IEEE Transactions on Circuits and Systems for Video Technology},
doi = {10.1109/TCSVT.2018.2888898}
}

@inproceedings{inproceedings19,
  title={Optimizing FPGA-based convolutional neural networks accelerator for image super-resolution},
  author={ Chang, Jung Woo  and  Kang, Suk Ju },
  booktitle={2018 23rd Asia and South Pacific Design Automation Conference (ASP-DAC)},
  year={2018},
}
@inproceedings{inproceedings20,
author = {Lu, Wenyan and Yan, Guihai and Li, Jiajun and Shijun, Gong and Han, Yinhe and Li, Xiao-Wei},
year = {2017},
month = {02},
pages = {553-564},
title = {FlexFlow: A Flexible Dataflow Accelerator Architecture for Convolutional Neural Networks},
doi = {10.1109/HPCA.2017.29}
}

@article{article21,
author = {Rao, Kamisetty and Yip, P.},
year = {1990},
month = {01},
pages = {},
title = {Discrete cosine transform. Algorithms, advantages, applications}
}

@InProceedings{article22,
author = {Liu, Baoyuan and Wang, Min and Foroosh, Hassan and Tappen, Marshall and Pensky, Marianna},
title = {Sparse Convolutional Neural Networks},
booktitle = {Proceedings of the IEEE Conference on Computer Vision and Pattern Recognition (CVPR)},
month = {June},
year = {2015}
}


@article{article23,
author = {Iglovikov, Vladimir and Shvets, Alexey},
year = {2018},
month = {01},
pages = {},
title = {TernausNet: U-Net with VGG11 Encoder Pre-Trained on ImageNet for Image Segmentation}
}
%\bibitem{b27} http://www.kasrl.org/jaffe.html,accessed 23 February 2016

@misc{website1,
    author = " ",
    title = "Website accessed 23",
    howpublished = "",
    year = {February 2016},
    note = {\url{http://www.kasrl.org/jaffe.html}}
}

@misc{article24,
      title={Delving Deep into Rectifiers: Surpassing Human-Level Performance on ImageNet Classification}, 
      author={Kaiming He and Xiangyu Zhang and Shaoqing Ren and Jian Sun},
      year={2015},
      eprint={1502.01852},
      archivePrefix={arXiv},
      primaryClass={cs.CV}
}